@article{Jankiewicz2013,
    title = {{Improved encoding pulses for Bloch-Siegert B 1 + mapping}},
    year = {2013},
    journal = {Journal of Magnetic Resonance},
    author = {Jankiewicz, Marcin and Gore, John C. and Grissom, William A.},
    pages = {79--87},
    volume = {226},
    url = {http://www.vuiis.vanderbilt.edu/},
    doi = {10.1016/j.jmr.2012.11.004},
    issn = {10907807},
    pmid = {23220183},
    keywords = {B 1 + mapping, Bloch-Siegert shift, RF field inhomogeneity, RF pulse design, Ultra-high field human imaging}
}

@article{Ramsey1955,
    title = {{Resonance transitions induced by perturbations at two or more different frequencies}},
    year = {1955},
    journal = {Physical Review},
    author = {Ramsey, Norman F.},
    number = {4},
    month = {11},
    pages = {1191--1194},
    volume = {100},
    publisher = {American Physical Society},
    url = {https://journals.aps.org/pr/abstract/10.1103/PhysRev.100.1191},
    doi = {10.1103/PhysRev.100.1191},
    issn = {0031899X}
}

@article{Steffen2000,
    title = {{Simultaneous Soft Pulses Applied at Nearby Frequencies}},
    year = {2000},
    journal = {The RF Journal of Magnetic Resonance},
    author = {Steffen, Matthias and Vandersypen, Lieven M K and Chuang, Isaac L},
    pages = {369--374},
    volume = {146},
    doi = {10.1006/jmre.2000.2178},
    keywords = {Berry's phase, Bloch-Siegert shift, shaped pulses, simultaneous soft pulses}
}

@article{Barral2008,
    title = {{SLR RF Pulse Design for Arbitrarily-Shaped Excitation Profiles}},
    year = {2008},
    journal = {Proc. Intl. Soc. Mag. Reson. Med.},
    author = {Barral, J.K. and Pauly, J.M. and Nishimura, D.G.},
    pages = {1323},
    volume = {16}
}

@article{Hosur1983AShifts,
    title = {{A simple two-dimensional measurement of the decoupler power during continuous homonuclear irradiation for the correction of Bloch-Siegert shifts}},
    year = {1983},
    journal = {Journal of Magnetic Resonance},
    author = {Hosur, R. V. and Ernst, R. R. and Wothrich, K.},
    number = {1},
    month = {8},
    pages = {142--145},
    volume = {54},
    publisher = {Academic Press},
    doi = {10.1016/0022-2364(83)90153-1},
    issn = {0022-2364}
}

@article{Hosur1983AShiftsb,
    title = {{A simple two-dimensional measurement of the decoupler power during continuous homonuclear irradiation for the correction of Bloch-Siegert shifts}},
    year = {1983},
    journal = {Journal of Magnetic Resonance},
    author = {Hosur, R. V. and Ernst, R. R. and Wothrich, K.},
    number = {1},
    month = {8},
    pages = {142--145},
    volume = {54},
    publisher = {Academic Press},
    doi = {10.1016/0022-2364(83)90153-1},
    issn = {0022-2364}
}

@article{KhalighiAdiabaticMapping,
    title = {{Adiabatic RF Pulse Design for Bloch-Siegert Mapping}},
    author = {Khalighi, M Mehdi and Rutt, Brian K and Kerr, Adam B},
    doi = {10.1002/mrm.24507},
    keywords = {Adiabatic RF pulse design, Bloch-Siegert shift, flip angle, mapping, off resonance, parallel transmit}
}

@article{KhalighiAdiabaticMappingb,
    title = {{Adiabatic RF Pulse Design for Bloch-Siegert Mapping}},
    author = {Khalighi, M Mehdi and Rutt, Brian K and Kerr, Adam B},
    doi = {10.1002/mrm.24507},
    keywords = {Adiabatic RF pulse design, Bloch-Siegert shift, flip angle, mapping, off resonance, parallel transmit}
}

@article{Hannaford1973AnalyticalShift,
    title = {{Analytical expressions for the Bloch-Siegert shift}},
    year = {1973},
    journal = {Journal of Physics B: Atomic and Molecular Physics (1968-1987)},
    author = {Hannaford, P and Pegg, D T and Series, G W},
    number = {8},
    month = {8},
    pages = {L222},
    volume = {6},
    publisher = {IOP Publishing},
    url = {https://iopscience.iop.org/article/10.1088/0022-3700/6/8/009 https://iopscience.iop.org/article/10.1088/0022-3700/6/8/009/meta},
    doi = {10.1088/0022-3700/6/8/009},
    issn = {0022-3700}
}

@article{Sacolick2010B1Shift,
    title = {{B1 mapping by Bloch-Siegert shift}},
    year = {2010},
    journal = {Magnetic Resonance in Medicine},
    author = {Sacolick, Laura I. and Wiesinger, Florian and Hancu, Ileana and Vogel, Mika W.},
    number = {5},
    pages = {1315--1322},
    volume = {63},
    publisher = {John Wiley and Sons Inc},
    url = {https://pubmed.ncbi.nlm.nih.gov/20432302/},
    doi = {10.1002/mrm.22357},
    issn = {15222594},
    pmid = {20432302},
    keywords = {Bloch-Siegert shift, Flip angle, Off resonance, Parallel transmit, RF mapping}
}

@article{Torres2021B1-gradientbasedEchoes,
    title = {{B1-gradient–based MRI using frequency-modulated Rabi-encoded echoes}},
    year = {2021},
    journal = {Magnetic Resonance in Medicine},
    author = {Torres, Efraín and Froelich, Taylor and Wang, Paul and DelaBarre, Lance and Mullen, Michael and Adriany, Gregory and Pizetta, Daniel Cosmo and Martins, Mateus José and Vidoto, Edson Luiz Géa and Tann{\'{u}}s, Alberto and Garwood, Michael},
    month = {9},
    pages = {mrm.29002},
    volume = {00},
    publisher = {John Wiley {\&} Sons, Ltd},
    url = {https://onlinelibrary.wiley.com/doi/full/10.1002/mrm.29002 https://onlinelibrary.wiley.com/doi/abs/10.1002/mrm.29002 https://onlinelibrary.wiley.com/doi/10.1002/mrm.29002},
    doi = {10.1002/MRM.29002},
    issn = {1522-2594},
    keywords = {adiabatic full passage, frequency, modulated, portable MRI, radiofrequency imaging, silent MRI, surface coil}
}

@article{Yan2015Bloch-SiegertModel,
    title = {{Bloch-Siegert shift of the Rabi model}},
    year = {2015},
    journal = {Physical Review A},
    author = {Yan, Yiying and L{\"{u}}, Zhiguo and Zheng, Hang},
    number = {5},
    month = {5},
    pages = {053834},
    volume = {91},
    publisher = {American Physical Society},
    url = {https://journals.aps.org/pra/abstract/10.1103/PhysRevA.91.053834},
    doi = {10.1103/PhysRevA.91.053834}
}

@article{Yan2015Bloch-SiegertModelb,
    title = {{Bloch-Siegert shift of the Rabi model}},
    year = {2015},
    journal = {Physical Review A},
    author = {Yan, Yiying and L{\"{u}}, Zhiguo and Zheng, Hang},
    number = {5},
    month = {5},
    pages = {053834},
    volume = {91},
    publisher = {American Physical Society},
    url = {https://journals.aps.org/pra/abstract/10.1103/PhysRevA.91.053834},
    doi = {10.1103/PhysRevA.91.053834}
}

@inproceedings{Martin2021Bloch-SiegertPulses,
    title = {{Bloch-Siegert |B1+|-Selective Excitation Pulses}},
    year = {2021},
    booktitle = {Proc. Intl. Soc. Mag. Reson. Med.},
    author = {Martin, JB and Vaughn, CE and Griswold, Mark A. and Grissom, William Allyn},
    pages = {3337}
}

@article{Bernstein1998ConcomitantCorrection,
    title = {{Concomitant gradient terms in phase contrast MR: Analysis and correction}},
    year = {1998},
    journal = {Magnetic Resonance in Medicine},
    author = {Bernstein, Matt A. and Zhou, Xiaohong Joe and Polzin, Jason A. and King, Kevin F. and Ganin, Alexander and Pelc, Norbert J. and Glover, Gary H.},
    number = {2},
    pages = {300--308},
    volume = {39},
    publisher = {John Wiley and Sons Inc},
    url = {https://pubmed.ncbi.nlm.nih.gov/9469714/},
    doi = {10.1002/mrm.1910390218},
    issn = {07403194},
    pmid = {9469714},
    keywords = {Concomitant field, Concomitant gradient terms, Maxwell terms, Phase contrast}
}

@article{Bendall1983DepthCoils,
    title = {{Depth and refocusing pulses designed for multipulse NMR with surface coils}},
    year = {1983},
    journal = {Journal of Magnetic Resonance},
    author = {Bendall, MR and Gordon, RE},
    number = {3},
    month = {7},
    pages = {365--385},
    volume = {53},
    publisher = {Academic Press},
    doi = {10.1016/0022-2364(83)90211-1},
    issn = {0022-2364}
}

@article{Boudot1991FeasibilityShifts,
    title = {{Feasibility of NMR imaging by a single radiofrequency field gradient and the separation of two species with different chemical shifts}},
    year = {1991},
    journal = {Journal of Magnetic Resonance},
    author = {Boudot, D. and Montigny, F. and Elbayed, K. and Mutzenhardt, P. and Diter, B. and Brondeau, J. and Canet, D.},
    number = {3},
    month = {5},
    pages = {605--613},
    volume = {92},
    publisher = {Academic Press},
    doi = {10.1016/0022-2364(91)90356-X},
    issn = {00222364}
}

@article{Krauss1986Four-fieldI=1/2,
    title = {{Four-field excitation of multiphoton NMR resonances in spin I=1/2}},
    year = {1986},
    journal = {Physical Review A},
    author = {Krauss, Eric M. and Vega, Shimon},
    number = {1},
    month = {7},
    pages = {333},
    volume = {34},
    publisher = {American Physical Society},
    url = {https://journals.aps.org/pra/abstract/10.1103/PhysRevA.34.333},
    doi = {10.1103/PhysRevA.34.333}
}

@inproceedings{Zhipeng2014FrequencyShift,
    title = {{Frequency encoding by Bloch-Siegert shift}},
    year = {2014},
    booktitle = {Proc. Intl. Soc. Mag. Reson. Med.},
    author = {Zhipeng, Cao and Chekmenev, Eduard Y and Grissom, William A},
    pages = {4220}
}

@article{Claridge2016High-ResolutionEdition,
    title = {{High-Resolution NMR Techniques in Organic Chemistry: Third Edition}},
    year = {2016},
    journal = {High-Resolution NMR Techniques in Organic Chemistry: Third Edition},
    author = {Claridge, Timothy D.W.},
    month = {5},
    pages = {1--541},
    publisher = {Elsevier Inc.},
    doi = {10.1016/C2015-0-04654-8}
}

@article{Duan2013ImprovedShift,
    title = {{Improved Bloch-Siegert Based B1 Mapping by Reducing Off-Resonance Shift}},
    year = {2013},
    journal = {NMR in biomedicine},
    author = {Duan, Qi and Gelderen, Peter van and Duyn, Jeff},
    number = {9},
    month = {9},
    pages = {1070},
    volume = {26},
    publisher = {NIH Public Access},
    url = {/pmc/articles/PMC3669656/ /pmc/articles/PMC3669656/?report=abstract https://www.ncbi.nlm.nih.gov/pmc/articles/PMC3669656/},
    doi = {10.1002/NBM.2920},
    pmid = {23355474},
    keywords = {B1 mapping, Flip angle, High field MRI, Transmit sense, Wavelength effects}
}

@article{Duan2013ImprovedShiftb,
    title = {{Improved Bloch-Siegert Based B1 Mapping by Reducing Off-Resonance Shift}},
    year = {2013},
    journal = {NMR in biomedicine},
    author = {Duan, Qi and Gelderen, Peter van and Duyn, Jeff},
    number = {9},
    month = {9},
    pages = {1070},
    volume = {26},
    publisher = {NIH Public Access},
    url = {/pmc/articles/PMC3669656/ /pmc/articles/PMC3669656/?report=abstract https://www.ncbi.nlm.nih.gov/pmc/articles/PMC3669656/},
    doi = {10.1002/NBM.2920},
    pmid = {23355474},
    keywords = {B1 mapping, Flip angle, High field MRI, Transmit sense, Wavelength effects}
}

@misc{Bradbury2018JAX:Programs,
    title = {{JAX: composable transformations of Python+NumPy programs}},
    year = {2018},
    booktitle = {Http://Github.Com/Google/Jax},
    author = {Bradbury, James and Frostig, Roy and Hawkins, Peter and Johnson, Matthew James and Leary, Chris and Maclaurin, Dougal and Wanderman-Milne, Skye},
    url = {http://github.com/google/jax}
}

@article{Luo2020JointMRI,
    title = {{Joint Design of RF and gradient waveforms via auto-differentiation for 3D tailored excitation in MRI}},
    year = {2020},
    journal = {arXiv},
    author = {Luo, Tianrui and Noll, Douglas C. and Fessler, Jeffrey A. and Nielsen, Jon-Fredrik},
    month = {8},
    pages = {1},
    volume = {XX},
    publisher = {arXiv},
    url = {http://arxiv.org/abs/2008.10594},
    arxivId = {2008.10594},
    keywords = {Auto-differentiable Bloch simulator, Constrained joint pulse design, Inner-volume inversion, Large flip-angle pulse, Outer-volume saturation, Tailored RF pulse design}
}

@inproceedings{Bolding2022Low-costImaging,
    title = {{Low-cost Modular RFPA Platform for Gradient-Free Quantitative Imaging}},
    year = {2022},
    booktitle = {Submitted to Proc. Intl. Soc. Mag. Reson. Med. 31st Annual Meeting},
    author = {Bolding, R and Vaughn, CE and Blades-Thomas, C and Grissom, WA and Griswold, MA}
}

@article{Bloch1940MagneticFields,
    title = {{Magnetic Resonance for Nonrotating Fields}},
    year = {1940},
    journal = {Physical Review},
    author = {Bloch, F. and Siegert, A.},
    number = {6},
    month = {3},
    pages = {522},
    volume = {57},
    publisher = {American Physical Society},
    url = {https://journals.aps.org/pr/abstract/10.1103/PhysRev.57.522},
    doi = {10.1103/PhysRev.57.522}
}

@article{Cunningham1999MethodTransform,
    title = {{Method for Improved Multiband Excitation Profiles Using the Shinnar-Le Roux Transform}},
    year = {1999},
    journal = {Magnetic Resonance in Medicine},
    author = {Cunningham, Charles H and Wood, Michael L},
    pages = {577},
    volume = {42},
    doi = {10.1002/(SICI)1522-2594(199909)42:3},
    keywords = {Hadamard encoding, RF pulse design, Shinnar-Le Roux transform, multiband, selective excitation}
}

@inproceedings{Ma2017MinimumImaging,
    title = {{Minimum peak power root-flipped gSlider-SMS RF pulses for high-resolution in vivo diffusion imaging}},
    year = {2017},
    booktitle = {Proc. Intl. Soc. Mag. Reson. Med.},
    author = {Ma, Jun and Witzel, Thomas and Grissom, William Allyn and Setsompop, Kawin},
    pages = {0523}
}

@inproceedings{Vaughn2020MRTransmission,
    title = {{MR Barcoding: Gradient-Free MRI Using B1-Selective Parallel Transmission}},
    year = {2020},
    booktitle = {Proc. Intl. Soc. Mag. Reson. Med.},
    author = {Vaughn, CE and Griswold, Mark A. and Grissom, William Allyn},
    pages = {0620}
}

@article{Sharp2010MRIGradients,
    title = {{MRI using radiofrequency magnetic field phase gradients}},
    year = {2010},
    journal = {Magnetic Resonance in Medicine},
    author = {Sharp, Jonathan C. and King, Scott B.},
    number = {1},
    month = {1},
    pages = {151--161},
    volume = {63},
    publisher = {John Wiley and Sons Inc},
    url = {http://doi.wiley.com/10.1002/mrm.22188},
    doi = {10.1002/mrm.22188},
    issn = {07403194},
    keywords = {Low field, MRI, RF phase gradient, Radiofrequency, TRASE}
}

@article{Mansfield1977Multi-planarEchoes,
    title = {{Multi-planar image formation using NMR spin echoes}},
    year = {1977},
    journal = {Journal of Physics C: Solid State Physics},
    author = {Mansfield, P},
    number = {3},
    month = {2},
    pages = {L55-L57},
    volume = {10},
    publisher = {IOP Publishing},
    url = {https://iopscience.iop.org/article/10.1088/0022-3719/10/3/004 https://iopscience.iop.org/article/10.1088/0022-3719/10/3/004/meta},
    doi = {10.1088/0022-3719/10/3/004},
    issn = {0022-3719}
}

@article{Han2020MultiphotonImplementation,
    title = {{Multiphoton magnetic resonance in imaging: A classical description and implementation}},
    year = {2020},
    journal = {Magnetic Resonance in Medicine},
    author = {Han, Victor and Liu, Chunlei},
    number = {3},
    month = {9},
    pages = {1184--1197},
    volume = {84},
    publisher = {John Wiley and Sons Inc},
    doi = {10.1002/MRM.28186},
    keywords = {Bloch-Siegert shift, adiabatic, multiband, multiphoton, selective excitation, two-photon}
}

@article{Zur1983MultiphotonI=1/2,
    title = {{Multiphoton NMR spectroscopy on a spin system with I=1/2}},
    year = {1983},
    journal = {The Journal of Chemical Physics},
    author = {Zur, Y. and Levitt, M. H. and Vega, S.},
    number = {9},
    month = {8},
    pages = {5293},
    volume = {78},
    publisher = {American Institute of PhysicsAIP},
    url = {https://aip.scitation.org/doi/abs/10.1063/1.445483},
    doi = {10.1063/1.445483},
    issn = {0021-9606},
    keywords = {multi−photon processes, nmr spectra, perturbation theory, phosphoric acid, spin echo}
}

@article{Vega1981Multiple-quantumClass,
    title = {{Multiple-quantum cross-polarization NMR on spin systems with <span class}},
    year = {1981},
    journal = {Physical Review A},
    author = {Vega, Shimon},
    number = {6},
    month = {6},
    pages = {3152},
    volume = {23},
    publisher = {American Physical Society},
    url = {https://journals.aps.org/pra/abstract/10.1103/PhysRevA.23.3152},
    doi = {10.1103/PhysRevA.23.3152}
}

@article{Hoult1980NMRPulses,
    title = {{NMR imaging. Rotating frame selective pulses}},
    year = {1980},
    journal = {Journal of Magnetic Resonance},
    author = {Hoult, D. I.},
    number = {2},
    month = {3},
    pages = {369--374},
    volume = {38},
    publisher = {Academic Press},
    doi = {10.1016/0022-2364(80)90289-9},
    issn = {00222364}
}

@article{Redfield1955NuclearSolids,
    title = {{Nuclear Magnetic Resonance Saturation and Rotary Saturation in Solids}},
    year = {1955},
    journal = {Physical Review},
    author = {Redfield, Alfred G.},
    number = {6},
    month = {6},
    pages = {1787},
    volume = {98},
    publisher = {American Physical Society},
    url = {https://journals.aps.org/pr/abstract/10.1103/PhysRev.98.1787},
    doi = {10.1103/PhysRev.98.1787},
    issn = {0031899X}
}

@article{Conolly1986OptimalProblem,
    title = {{Optimal Control Solutions to the Magnetic Resonance Selective Excitation Problem}},
    year = {1986},
    journal = {IEEE Transactions on Medical Imaging},
    author = {Conolly, Steven and Nishimura, Dwight and Macovski, Albert},
    number = {2},
    pages = {106--115},
    volume = {5},
    publisher = {IEEE Trans Med Imaging},
    url = {https://pubmed.ncbi.nlm.nih.gov/18243994/},
    doi = {10.1109/TMI.1986.4307754},
    issn = {1558254X},
    pmid = {18243994},
    keywords = {A Macovski, D Nishimura, MEDLINE, NCBI, NIH, NLM, National Center for Biotechnology Information, National Institutes of Health, National Library of Medicine, PubMed Abstract, S Conolly, doi:10.1109/TMI.1986.4307754, pmid:18243994}
}

@article{Coote2018OptimalSpectroscopy,
    title = {{Optimal control theory enables homonuclear decoupling without Bloch–Siegert shifts in NMR spectroscopy}},
    year = {2018},
    journal = {Nature Communications 2018 9:1},
    author = {Coote, Paul W. and Robson, Scott A. and Dubey, Abhinav and Boeszoermenyi, Andras and Zhao, Mengxia and Wagner, Gerhard and Arthanari, Haribabu},
    number = {1},
    month = {8},
    pages = {1--9},
    volume = {9},
    publisher = {Nature Publishing Group},
    url = {https://www.nature.com/articles/s41467-018-05400-4},
    doi = {10.1038/s41467-018-05400-4},
    issn = {2041-1723},
    keywords = {Biological physics, Experimental nuclear physics, Quantum mechanics, Solid, Solution, state NMR}
}

@article{Pauly1991ParameterAlgorithm,
    title = {{Parameter Relations for the Shinnar-Le Roux Selective Excitation Pulse Design Algorithm}},
    year = {1991},
    journal = {IEEE Transactions on Medical Imaging},
    author = {Pauly, John and Nishimura, Dwight and Macovski, Albert and Roux, Patrick Le},
    number = {1},
    pages = {53--65},
    volume = {10},
    publisher = {IEEE Trans Med Imaging},
    url = {https://pubmed.ncbi.nlm.nih.gov/18222800/},
    doi = {10.1109/42.75611},
    issn = {1558254X},
    keywords = {A Macovski, J Pauly, MEDLINE, NCBI, NIH, NLM, National Center for Biotechnology Information, National Institutes of Health, National Library of Medicine, P Le Roux, PubMed Abstract, doi:10.1109/42.75611, pmid:18222800}
}

@inproceedings{Wan2017PhaseTransmit,
    title = {{Phase Encoding with Bloch-Siegert effect using Parallel Transmit}},
    year = {2017},
    booktitle = {Proc. Intl. Soc. Mag. Reson. Med.},
    author = {Wan, Yuqing and Qiu, Maolin and Galiana, Gigi and Constable, RT},
    pages = {1498}
}

@article{Spees2011QuantificationGradients,
    title = {{Quantification and compensation of eddy-current-induced magnetic-field gradients}},
    year = {2011},
    journal = {Journal of Magnetic Resonance},
    author = {Spees, William M. and Buhl, Niels and Sun, Peng and Ackerman, Joseph J.H. and Neil, Jeffrey J. and Garbow, Joel R.},
    number = {1},
    pages = {116--123},
    volume = {212},
    publisher = {Academic Press Inc.},
    url = {https://pubmed.ncbi.nlm.nih.gov/21764614/},
    doi = {10.1016/j.jmr.2011.06.016},
    issn = {10960856},
    pmid = {21764614},
    keywords = {Eddy currents, Eddy-current compensation, Gradient pre-emphasis, MRI}
}

@article{Canet1997RadiofrequencyExperiments,
    title = {{Radiofrequency field gradient experiments}},
    year = {1997},
    journal = {Progress in Nuclear Magnetic Resonance Spectroscopy},
    author = {Canet, Daniel},
    number = {1-2},
    month = {3},
    pages = {101--135},
    volume = {30},
    publisher = {Elsevier},
    doi = {10.1016/S0079-6565(96)01031-X},
    issn = {00796565},
    keywords = {NMR coherence selection, NMR imaging, Radiofrequency field gradients in NMR, Self-diffusion}
}

@article{MM2012RFMapping,
    title = {{RF pulse optimization for Bloch-Siegert B ₁⁺ mapping}},
    year = {2012},
    journal = {Magnetic resonance in medicine},
    author = {MM, Khalighi and BK, Rutt and AB, Kerr},
    number = {3},
    pages = {857--862},
    volume = {68},
    publisher = {Magn Reson Med},
    url = {https://pubmed.ncbi.nlm.nih.gov/22144397/},
    doi = {10.1002/MRM.23271},
    issn = {1522-2594},
    pmid = {22144397},
    keywords = {Adam B Kerr, Algorithms*, Brain / anatomy {\&} histology*, Brian K Rutt, Computer-Assisted / methods*, Extramural, Humans, Image Enhancement / methods*, Image Interpretation, Imaging, MEDLINE, Mohammad Mehdi Khalighi, N.I.H., NCBI, NIH, NLM, National Center for Biotechnology Information, National Institutes of Health, National Library of Medicine, Non-U.S. Gov't, PMC3297726, Phantoms, PubMed Abstract, Radio Waves, Reproducibility of Results, Research Support, Sensitivity and Specificity, doi:10.1002/mrm.23271, pmid:22144397}
}

@article{Khalighi2012RFMapping,
    title = {{RF pulse optimization for Bloch-Siegert B ₁⁺ mapping}},
    year = {2012},
    journal = {Magnetic resonance in medicine},
    author = {Khalighi, MM and Rutt, BK and Kerr, AB},
    number = {3},
    pages = {857--862},
    volume = {68},
    publisher = {Magn Reson Med},
    url = {https://pubmed.ncbi.nlm.nih.gov/22144397/},
    doi = {10.1002/MRM.23271},
    issn = {1522-2594},
    pmid = {22144397},
    keywords = {Adam B Kerr, Algorithms*, Brain / anatomy {\&} histology*, Brian K Rutt, Computer-Assisted / methods*, Extramural, Humans, Image Enhancement / methods*, Image Interpretation, Imaging, MEDLINE, Mohammad Mehdi Khalighi, N.I.H., NCBI, NIH, NLM, National Center for Biotechnology Information, National Institutes of Health, National Library of Medicine, Non-U.S. Gov't, PMC3297726, Phantoms, PubMed Abstract, Radio Waves, Reproducibility of Results, Research Support, Sensitivity and Specificity, doi:10.1002/mrm.23271, pmid:22144397}
}

@article{Sharma2016Root-flippedPulses,
    title = {{Root-flipped multiband refocusing pulses}},
    year = {2016},
    journal = {Magnetic resonance in medicine},
    author = {Sharma, Anuj and Lustig, Michael and Grissom, William A.},
    number = {1},
    month = {1},
    pages = {227},
    volume = {75},
    publisher = {NIH Public Access},
    url = {/pmc/articles/PMC4546574/ /pmc/articles/PMC4546574/?report=abstract https://www.ncbi.nlm.nih.gov/pmc/articles/PMC4546574/},
    doi = {10.1002/MRM.25629},
    issn = {15222594},
    pmid = {25704154},
    keywords = {Multiband, RF pulse design, Root-Flipping, Selective Excitation, Shinnar-Le Roux}
}

@article{Hoult1979RotatingZeugmatography,
    title = {{Rotating frame zeugmatography}},
    year = {1979},
    journal = {Journal of Magnetic Resonance},
    author = {Hoult, D. I.},
    number = {1},
    month = {1},
    pages = {183--197},
    volume = {33},
    publisher = {Academic Press},
    doi = {10.1016/0022-2364(79)90202-6},
    issn = {00222364}
}

@article{Mccoy1993SelectiveDecoupling,
    title = {{Selective Decoupling}},
    year = {1993},
    journal = {Journal of Magnetic Resonance, Series A},
    author = {Mccoy, M. A. and Mueller, L.},
    number = {2},
    month = {2},
    pages = {122--130},
    volume = {101},
    publisher = {Academic Press},
    doi = {10.1006/JMRA.1993.1021},
    issn = {1064-1858}
}

@article{Kaczynski1992SelectivePulses,
    title = {{Selective excitation in the rotating frame with hard pulses}},
    year = {1992},
    journal = {Journal of Magnetic Resonance},
    author = {Kaczy{\'{n}}ski, Jacek and Dodd, N. J.F. and Wood, Brian},
    number = {3},
    month = {12},
    pages = {453--468},
    volume = {100},
    publisher = {Academic Press},
    doi = {10.1016/0022-2364(92)90053-A},
    issn = {00222364}
}

@article{Mansfield1979SelectiveCriticism,
    title = {{Selective pulses in NMR imaging: A reply to criticism}},
    year = {1979},
    journal = {Journal of Magnetic Resonance},
    author = {Mansfield, P. and Maudsley, A. A. and Morris, P. G. and Pykett, I. L.},
    number = {2},
    pages = {261--274},
    volume = {33},
    publisher = {Academic Press Inc.},
    url = {https://miami.pure.elsevier.com/en/publications/selective-pulses-in-nmr-imaging-a-reply-to-criticism},
    doi = {10.1016/0022-2364(79)90245-2},
    issn = {0022-2364}
}

@article{Karczmar1988ShapedSimulations,
    title = {{Shaped pulses for slice selection in the rotating frame-A study using computer simulations}},
    year = {1988},
    journal = {Journal of Magnetic Resonance},
    author = {Karczmar, G. S. and Lawry, T. J. and Weiner, M. W. and Matson, G. B.},
    number = {1},
    month = {1},
    pages = {41--53},
    volume = {76},
    publisher = {Academic Press},
    doi = {10.1016/0022-2364(88)90199-0},
    issn = {00222364}
}

@inproceedings{Martin2020SigPy.RF:Research,
    title = {{SigPy.RF: Comprehensive Open-Source RF Pulse Design Tools for Reproducible Research}},
    year = {2020},
    booktitle = {Proc. Intl. Soc. Mag. Reson. Med. 28th Annual Meeting},
    author = {Martin, J and Ong, F and Ma, J and Tamir, J and Lustig, M and Grissom, W},
    pages = {1045}
}

@article{Maffei1991SliceCoil,
    title = {{Slice selection in NMR imaging by use of the B1 gradient along the axial direction of a saddle-shaped coil}},
    year = {1991},
    journal = {Journal of Magnetic Resonance},
    author = {Maffei, P. and Elbayed, K. and Brondeau, J. and Canet, D.},
    number = {2},
    month = {11},
    pages = {382--386},
    volume = {95},
    publisher = {Academic Press},
    doi = {10.1016/0022-2364(91)90227-K},
    issn = {00222364}
}

@article{Boudot1990SpatialImaging,
    title = {{Spatial labeling by a radiofrequency field gradient. DANTE-Z profile, probed by one-dimensional nutation imaging}},
    year = {1990},
    journal = {Journal of Magnetic Resonance},
    author = {Boudot, D. and Canet, D. and Brondeau, I.},
    number = {2},
    month = {4},
    pages = {385--394},
    volume = {87},
    publisher = {Academic Press},
    doi = {10.1016/0022-2364(90)90016-3},
    issn = {00222364}
}

@article{Tycko1984SpatialInversion,
    title = {{Spatial localization of NMR signals by narrowband inversion}},
    year = {1984},
    journal = {Journal of Magnetic Resonance},
    author = {Tycko, R. and Pines, A.},
    number = {1},
    month = {10},
    pages = {156--160},
    volume = {60},
    publisher = {Academic Press},
    doi = {10.1016/0022-2364(84)90042-8},
    issn = {0022-2364}
}

@article{Kartausch2014SpatialEffect,
    title = {{Spatial phase encoding exploiting the Bloch–Siegert shift effect}},
    year = {2014},
    journal = {Magnetic Resonance Materials in Physics, Biology and Medicine},
    author = {Kart{\"{a}}usch, Ralf and Driessle, Toni and Kampf, Thomas and Basse-L{\"{u}}sebrink, Thomas Christian and Hoelscher, Uvo Christoph and Jakob, Peter Michael and Fidler, Florian and Helluy, Xavier},
    number = {5},
    month = {10},
    pages = {363--371},
    volume = {27},
    publisher = {Springer Verlag},
    url = {https://link.springer.com/article/10.1007/s10334-013-0417-0},
    doi = {10.1007/s10334-013-0417-0},
    issn = {13528661},
    pmid = {24254040},
    keywords = {Bloch–Siegert, Magnetic resonance imaging, RF gradients, Spatial encoding}
}

@article{Kartausch2014SpatialEffectb,
    title = {{Spatial phase encoding exploiting the Bloch–Siegert shift effect}},
    year = {2014},
    journal = {Magnetic Resonance Materials in Physics, Biology and Medicine},
    author = {Kart{\"{a}}usch, Ralf and Driessle, Toni and Kampf, Thomas and Basse-L{\"{u}}sebrink, Thomas Christian and Hoelscher, Uvo Christoph and Jakob, Peter Michael and Fidler, Florian and Helluy, Xavier},
    number = {5},
    month = {10},
    pages = {363--371},
    volume = {27},
    publisher = {Springer Verlag},
    url = {https://pubmed.ncbi.nlm.nih.gov/24254040/},
    doi = {10.1007/s10334-013-0417-0},
    issn = {13528661},
    pmid = {24254040},
    keywords = {Bloch–Siegert, Magnetic resonance imaging, RF gradients, Spatial encoding}
}

@article{Shaka1984SpatiallyPulses,
    title = {{Spatially selective radiofrequency pulses}},
    year = {1984},
    journal = {Journal of Magnetic Resonance},
    author = {Shaka, A. J. and Freeman, Ray},
    number = {1},
    month = {8},
    pages = {169--176},
    volume = {59},
    publisher = {Academic Press},
    doi = {10.1016/0022-2364(84)90297-X},
    issn = {0022-2364}
}

@article{Garwood2001TheNMR,
    title = {{The Return of the Frequency Sweep: Designing Adiabatic Pulses for Contemporary NMR}},
    year = {2001},
    journal = {Journal of Magnetic Resonance},
    author = {Garwood, Michael and DelaBarre, Lance},
    number = {2},
    month = {12},
    pages = {155--177},
    volume = {153},
    publisher = {Academic Press},
    doi = {10.1006/JMRE.2001.2340},
    issn = {1090-7807}
}

@article{Hedges1988TheResults,
    title = {{The techniques of rotating frame selective excitation and some experimental results}},
    year = {1988},
    journal = {Journal of Magnetic Resonance},
    author = {Hedges, L. Kyle and Hoult, D. I.},
    number = {3},
    month = {10},
    pages = {391--403},
    volume = {79},
    publisher = {Academic Press},
    doi = {10.1016/0022-2364(88)90077-7},
    issn = {00222364}
}

@article{Hung2020UsingSample,
    title = {{Using the heteronuclear Bloch-Siegert shift of protons for B1 calibration of insensitive nuclei not present in the sample}},
    year = {2020},
    journal = {Journal of Magnetic Resonance},
    author = {Hung, Ivan and Gor'kov, Peter and Gan, Zhehong},
    month = {1},
    volume = {310},
    publisher = {Academic Press Inc.},
    url = {https://doi.org/10.1016/j.jmr.2019.106636},
    doi = {10.1016/J.JMR.2019.106636},
    keywords = {B1 field, Bloch-Siegert shift, Circular rf field, Counter rotating wave, Floquet theory, Full-echo, Indirect detection, Perturbation theory, Rotating wave approximation, Stark shift, rf field calibration}
}

@article{Hung2020UsingSampleb,
    title = {{Using the heteronuclear Bloch-Siegert shift of protons for B1 calibration of insensitive nuclei not present in the sample}},
    year = {2020},
    journal = {Journal of Magnetic Resonance},
    author = {Hung, Ivan and Gor'kov, Peter and Gan, Zhehong},
    month = {1},
    volume = {310},
    publisher = {Academic Press Inc.},
    url = {https://doi.org/10.1016/j.jmr.2019.106636},
    doi = {10.1016/J.JMR.2019.106636},
    keywords = {B1 field, Bloch-Siegert shift, Circular rf field, Counter rotating wave, Floquet theory, Full-echo, Indirect detection, Perturbation theory, Rotating wave approximation, Stark shift, rf field calibration}
}

@article{Hargreaves2004Variable-rateSequences,
    title = {{Variable-rate selective excitation for rapid MRI sequences}},
    year = {2004},
    journal = {Magnetic resonance in medicine},
    author = {Hargreaves, BA and Cunningham, CH and Nishimura, DG and Conolly, SM},
    number = {3},
    pages = {590--597},
    volume = {52},
    publisher = {Magn Reson Med},
    url = {https://pubmed.ncbi.nlm.nih.gov/15334579/},
    doi = {10.1002/MRM.20168},
    issn = {0740-3194},
    pmid = {15334579},
    keywords = {Brian A Hargreaves, Charles H Cunningham, Computer Simulation, Heart / anatomy {\&} histology*, Image Enhancement / methods*, Imaging, MEDLINE, Magnetic Resonance Imaging / methods*, NCBI, NIH, NLM, National Center for Biotechnology Information, National Institutes of Health, National Library of Medicine, Non-U.S. Gov't, P.H.S., Phantoms, PubMed Abstract, Radio Waves, Research Support, Steven M Conolly, U.S. Gov't, doi:10.1002/mrm.20168, pmid:15334579}
}

@article{Grissom2014B1+-selectiveAlgorithm,
    title = {{|B1+|-selective excitation pulse design using the Shinnar-Le Roux algorithm}},
    year = {2014},
    journal = {Journal of Magnetic Resonance},
    author = {Grissom, William A. and Cao, Zhipeng and Does, Mark D.},
    pages = {189--196},
    volume = {242},
    publisher = {Academic Press Inc.},
    url = {https://pubmed.ncbi.nlm.nih.gov/24674887/},
    doi = {10.1016/j.jmr.2014.02.012},
    issn = {10960856},
    keywords = {RF pulse design, Rotating Frame Selective Excitation, Selective excitation, Shinnar-Le Roux algorithm}
}